
@article{taipe_herreras_construccion_2015,
	title = {Construcción de estereotipos de la mujer a partir de las caricaturas eróticas emitidas en los diarios nacionales},
	copyright = {info:eu-repo/semantics/openAccess},
	url = {http://repositorio.unsch.edu.pe/handle/UNSCH/3521},
	abstract = {El presente informe desarrolla una descripción acerca de la construcción de estereotipos que se organiza alrededor de la mujer peruana en las caricaturas de corte erótica publicadas por los diarios nacionales. Asimismo, visibiliza el papel de los medios impresos en el proceso. La investigación utilizó el método hermenéutico bajo enfoque cualitativo. Entre sus técnicas figuran el análisis hermenéutico y hemerográfico. Entre los resultados obtenidos, la investigación halló caricaturas eróticas en los diarios de circulación nacional con contenido estereotipador acerca de las mujeres definiendo roles sociales que se sustraen a valores morales aceptados por la sociedad peruana.},
	language = {spa},
	urldate = {2023-07-02},
	journal = {Universidad Nacional de San Cristóbal de Huamanga},
	author = {Taipe Herreras, Jhonatan},
	year = {2015},
	note = {Accepted: 2020-01-09T19:59:09Z
Publisher: Universidad Nacional de San Cristóbal de Huamanga},
	file = {Full Text PDF:/home/linux/Zotero/storage/W6HUWMNM/Taipe Herreras - 2015 - Construcción de estereotipos de la mujer a partir.pdf:application/pdf},
}

@article{felix_seras_caricatura_2013,
	title = {La caricatura política peruana como modelo narrativo de opinión. {Análisis} de las caricaturas de {Carlos} “{Carlín}” {Tovar}, {Eduardo} “{Heduardo}” {Rodríguez} y {Andrés} {Edery}},
	copyright = {info:eu-repo/semantics/embargoedAccess},
	url = {https://renati.sunedu.gob.pe/handle/sunedu/2864444},
	abstract = {La investigación “La caricatura política peruana como modalidad narrativa de opinión. Análisis de los casos Carlos “Carlín” Tovar, Eduardo “Heduardo” Rodríguez y Andrés Edery” se dividen en cuatro partes. En la primera parte se expondrá la definición de una modalidad narrativa para pasar a explicar y analizar a la caricatura como un tipo de relato de opinión iconográfico y humorístico. En el segundo capítulo se analizarán las características, las nuevas plataformas de comunicación y el rol de la caricatura política peruana. Para ello se recurrió a un recorrido histórico de la caricatura con imágenes de publicaciones y sucesos políticos peruanos para contextualizar al lector sobre el estilo iconográfico y las diferentes cargas valorativas utilizadas desde el siglo XIX hasta la actualidad. En la tercera parte se analizará a la producción de los caricaturistas peruanos: Carlos “Carlín” Tovar, Eduardo “Heduardo” Rodríguez y Andrés Edery durante las elecciones municipales a la Alcaldía de Lima. Este análisis demostrará que la caricatura política peruana puede ser considerada una modalidad narrativa de opinión del periodismo. Finalmente, en la última parte se expondrán las conclusiones generales.},
	language = {spa},
	urldate = {2023-07-02},
	journal = {Universidad Peruana de Ciencias Aplicadas (UPC)},
	author = {Félix Seras, Diana Angélica},
	month = nov,
	year = {2013},
	note = {Accepted: 2013-11-07T21:44:05Z
Publisher: Universidad Peruana de Ciencias Aplicadas (UPC)},
	file = {Snapshot:/home/linux/Zotero/storage/IN6ZK4M7/2864444.html:text/html},
}

@book{sales_asertividad_2009,
	title = {Asertividad: {Para} muchas mujeres y algunos hombres},
	isbn = {978-84-8063-977-4},
	shorttitle = {Asertividad},
	abstract = {¿Por qué es más asertivo decir “no” que decir “sí”? ¿La asertividad viene de nuestro interior o es un traje que hemos de llevar puesto en determinadas ocasiones? ¿Es cierto que si aprendemos a relacionarnos desde la asertividad nos sentiremos mejor? ¿Cómo podemos aprender a ser asertivas y asertivos? No es seguro que el libro que tenéis en las manos os dé todas las respuestas, pero confío en que os proporcione algunas indicaciones para repensar las relaciones entre el poder y la comunicación y os facilite el cambio necesario para intentar ser asertivos, un cambio que desearéis iniciar.},
	language = {es},
	publisher = {Editorial Octaedro, S.L.},
	author = {Sales, Maria Lluïsa Fabra i},
	month = mar,
	year = {2009},
	note = {Google-Books-ID: 5D9RQwAACAAJ},
	keywords = {Self-Help / Personal Growth / Self-Esteem},
}

@misc{noauthor_lo_nodate,
	title = {Lo cómico y la caricatura y el pintor de la vida moderna - {Google} {Books}},
	url = {https://www.google.com.pe/books/edition/Lo_c%C3%B3mico_y_la_caricatura_y_el_pintor_d/AhR5DwAAQBAJ?hl=es-419&gbpv=1&dq=caricatura&pg=PT22&printsec=frontcover},
	urldate = {2023-07-01},
}

@book{gray_caricaturas_2015,
	title = {Caricaturas},
	isbn = {978-84-255-2073-0},
	abstract = {Divertidas y lúdicas, las caricaturas son un gran terreno para la imaginación y fantásticas para dibujar. En esta obra, el autor e ilustrador Peter Gray indaga en el proceso para dibujar caricaturas que se asemejen a la persona real a la vez que la distorsionan de formas imaginativas para lograr un gran impacto. Los ejercicios, diseñados paso a paso, ayudan al caricaturista novato a ir mejorando sus habilidades así como a conocer todas las técnicas y materiales.},
	language = {es},
	publisher = {Editorial HISPANO EUROPEA},
	author = {Gray, Peter},
	month = oct,
	year = {2015},
	note = {Google-Books-ID: F3\_nuOEk780C},
	keywords = {Art / Techniques / Drawing},
}

@book{grose_principios_2011,
	title = {Principios de la caricatura: seguidos de un ensayo sobre la pintura cómica},
	isbn = {978-84-92946-31-0},
	shorttitle = {Principios de la caricatura},
	abstract = {Escrito en la llamada "era de oro" de la caricatura inglesa -las últimas décadas del siglo XVIII-, este pequeño libro de Francis Grose, 'Principios de la caricatura', es sin lugar a dudas una obra clave para una historia de la imagen satírica, género que cada vez más ocupa la atención de historiadores y de historiadores del arte en relación con la historia política, social y cultural. En su primera parte, el autor presenta un tratado de fórmulas apropiadas para realizar retratos caricaturizados, sobre la base de una geometría sencilla, cuya práctica ejemplifica a través de una serie de encantadoras ilustraciones. A continuación, en el "Ensayo sobre la pintura cómica", examina cuáles son los recursos compositivos y estilísticos que hacen que una pintura o un dibujo muevan a la risa. Las figuras del músico sordo, la seductora añosa, el danzarín de piernas torcidas son, así, el objeto de una sátira visual amable que, según piensa Grose, nos permitiría conocer y tolerar mejor a nuestro prójimo. El ensayo está precedido por un estudio introductorio escrito por José Emilio Burucúa y Nicolás Kwiatkowski, también responsables de esta traducción. En un cautivante y erudito recorrido por la historia de la imagen satírica, los investigadores no sólo valoran el lugar y la significación que en ella ocupan los 'Principios de la caricatura', sino que también despliegan una historia de las teorías sobre las representaciones visuales cómicas y un análisis de su eficacia en relación con la palabra y como instrumento de la política.},
	language = {es},
	publisher = {Katz Editores},
	author = {Grose, Francis},
	year = {2011},
	keywords = {Art / Techniques / General, History / Social History, Humor / Form / Comic Strips \& Cartoons},
}

@book{plaza_inteligencia_2015,
	title = {Inteligencia asertiva},
	isbn = {978-956-12-2836-8},
	abstract = {Obra que entrega diversas herramientas esenciales para desarrollar una inteligencia asertiva, modificar nuestra actitud básica al relacionarnos con los otros y con nosotros mismos. La propuesta entrega claves para modificar conductas erróneas y ayudar a conducirnos por el camino de la congruencia interna y de la realización personal.},
	language = {es},
	publisher = {Zig-Zag},
	author = {Plaza, Javiera De la},
	year = {2015},
	note = {Google-Books-ID: wJPFDwAAQBAJ},
	keywords = {Self-Help / Communication \& Social Skills},
}

@book{shaw_manual_2020,
	title = {Manual de comunicación asertiva: {Técnicas} fáciles y exitosas para ganar confianza y el respeto que mereces. {Mejora} tus habilidades comunicativas y sie},
	isbn = {978-1-64780-081-9},
	shorttitle = {Manual de comunicación asertiva},
	abstract = {¡Aprende a decir que no y conviértete en la persona asertiva y proactiva que todos respetan!Parece que no tienes buena suerte. Trabajas duro a diario pero no te dan el aumento o la promoción que deseas.Eres amable con tus colegas pero igual sientes que no te respetan. Cuando alguien te pide un favor dices que sí sin dudarlo, incluso si no quieres hacerlo. ¿Sientes que la vida te está castigando y no está siendo justa?Esto no es cuestión de mala suerte, karma o del destino.Si se te dificulta disfrutar cuando algo bueno te pasa, si constantemente estás a la expectativa de que algo malo puede suceder, necesitas pasar por un proceso de auto-empoderamiento.Con frecuencia, las respuestas a nuestros problemas residen en la auto-retrospección. Este manual te guiará a través de un detallado proceso de autoevaluación, cuyos resultados podrían sorprenderte. Si se te dificulta expresarte, ya sea en el trabajo o en casa, y sientes que tu voz no está siendo escuchada, necesitas transformarte en una persona más asertiva.¡Este libro te ayudará a ganar confianza, mejorar tus habilidades de comunicación y te revelará las técnicas secretas de los triunfadores!Esto no significa que debas cambiar tu identidad o personalidad. Simplemente significa que deberías enfocarte en tus fortalezas. Este libro no solo te ayudará a esto, sino también a que descubras el lado más seguro y asertivo de tu personalidad. Muchos de nosotros tenemos problemas con las críticas, independientemente de que nos encontremos en el lado que las da o que las recibe. Usa esta guía para aprender a lidiar el ser criticado y a criticar de forma constructiva a alguien.Esto es lo que obtendrás con este manual:   Cuestionarios de autoevaluación y actividades para descubrir tu estilo personal de comunicación. Una guía sobre cómo aumentar tus fortalezas y usarlas a tu favor en las situaciones cotidianas. Métodos probados para desarrollar conductas asertivas y ganar confianza. Una guía detallada para construir una autoimagen positiva. Una lista de personas asertivas famosas, y qué es lo que puedes aprender de ellas. Numerosos ejemplos de cómo puedes ser asertivo en situaciones del día a día. Una guía para superar el miedo al conflicto. Una guía a detalle sobre cómo decir que NO. Técnicas para el empoderamiento personal.  Incluso si sientes que tienes la confianza suficiente para expresarte con claridad, deberías considerar el uso de este manual para hacer mejorar aún más tus destrezas. Después de todo, la asertividad es una destreza de la comunicación y, como tal, puede ser entrenada y mejorada. Si alguna vez has sentido que no estás siendo respetado del todo, deberías usar este libro para analizar tus patrones de comportamiento y encontrar una solución. ¿Quieres tener más confianza, lidiar con las críticas, ganar el respeto que mereces y ser una persona más asertiva?  ¡Desliza hacia arriba, haz click en "comprar ahora con 1-clic" y descubre el secreto del éxito personal y profesional!},
	language = {es},
	publisher = {Communication Excellence},
	author = {Shaw, Gerard},
	month = mar,
	year = {2020},
	note = {Google-Books-ID: 372NzQEACAAJ},
	keywords = {Self-Help / Communication \& Social Skills, Psychology / General, Self-Help / Personal Growth / General},
}

@book{espanola_diccionario_2014,
	title = {Diccionario de la {Lengua} {Espanola} {RAE}},
	isbn = {978-607-07-2351-3},
	abstract = {El Diccionario de la RAE es la obra de referencia para más de 500 millones de hablantes de español en todo el mundo. La nueva edición del Diccionario, revisado en profundidad, alcanza las 93,000 entradas. Junto a la eliminación de términos muy locales u obsoletos, incorpora nuevos términos que se han generalizado en nuestra lengua, como precuela o pilates. La nueva edición tendrá 6,000 términos más que la de 2001. La RAE ha trabajado con las veintidós academias americanas de la lengua para ofrecer de nuevo una obra panhispánica. La Real Academia Española se fundó hace trescientos años con el objetivo principal de elaborar el Diccionario de la lengua española. En 1726 se publica el primer tomo del Diccionario de autoridades y en 1780 la primera edición del Diccionario de la lengua española.},
	language = {es},
	publisher = {Planeta Publishing Corporation},
	author = {Española, Real Academia and Espanola, Real Academia de la Lengua and Academias, de la lengua Española Asociacion de},
	month = oct,
	year = {2014},
	note = {Google-Books-ID: naqwoQEACAAJ},
	keywords = {Language Arts \& Disciplines / Grammar \& Punctuation, Language Arts \& Disciplines / Spelling \& Vocabulary, Reference / Dictionaries},
}

@book{catalina_tecnicas_2014,
	title = {T{ÉCNICAS} {E} {INSTRUMENTOS} {DE} {RECOGIDA} {Y} {ANÁLISIS} {DE} {DATOS}},
	isbn = {978-84-362-6822-5},
	abstract = {Se trata de un libro centrado en los métodos de investigación en educación, en cuya primera unidaddidáctica se revisan los tipos de investigación y los cuatro métodos fundamentales como son: elmétodo descriptivo para las investigaciones tipo encuesta; el método experimental y cuasiexperimental,para los diseños de grupo y para las pruebas de hipótesis; los métodos cualitativos parala comprensión de los problemas en sus entornos naturales, y los métodos evaluativos con elpredominio de la complementariedad de métodos y su aplicación en los modelos de calidad. En lasegunda unidad didáctica, dedicada a la medida y a las técnicas de recogida de información, sedesarrollan temas sobre medida, la construcción de escalas, las características técnicas de losinstrumentos de recogida de información, y los procedimientos de recogida de información, tantodesde las perspectivas de los enfoques de investigación positivista, como son la observaciónsistemática, el cuestionario o las pruebas de rendimiento, como desde la perspectiva cualitativa: laobservación participante, la técnica delphy o los grupos de discusión. En la tercera y última parte dela obra se presentan los contenidos dedicados al análisis de la información, desde la estadísticadescriptiva y la inferencial. Es una obra amplia en cuanto a los contenidos que abarca, aunque tratade exponerlos de un modo sencillo y con ejemplos prácticos. Está orientada a los alumnos del títulode Educación Social, y para todos aquellos interesados en los temas de investigación en Educación yen Ciencias Sociales.},
	language = {es},
	publisher = {Editorial UNED},
	author = {Catalina, MARTÍNEZ MEDIANO and Arturo, GALÁN GONZÁLEZ},
	month = jun,
	year = {2014},
	note = {Google-Books-ID: iiTHAwAAQBAJ},
	keywords = {Social Science / Demography},
}

@book{zacarias_metodologiinvestigacion_2020,
	title = {{MetodologÍa} de la {InvestigaciÓn} {CientÍfica}: {Para} {Las} {Ciencias} de la {Salud} y {Las} {Ciencias} {Sociales}},
	isbn = {9798656825252},
	shorttitle = {{MetodologÍa} de la {InvestigaciÓn} {CientÍfica}},
	abstract = {¡¡¡ADIÓS A LOS MÉTODOS MIXTOS!!!NUEVO: METODOLOGÍA DE LA INVESTIGACIÓN CIENTÍFICA 2020 - 3RA EDICIÓNIntegra la Metodología con la Estadística Aplicada a Cualquier Línea de Investigación con 10 palabras clave: Taxonomía de la investigación, Planteamiento del estudio, Las variables de la investigación, Los objetivos del estudio, Planteamiento de hipótesis, Selección de una muestra, Instrumentos de medición, Recolección de datos, Control del estudio y Análisis de resultados.--------------------------------------------------------------------------------------------------------PRÓLOGOEste libro resultará de mucha ayuda para Maestros de la materia de Metodología de la Investigación, así como para alumnos de las diferentes facultades de nuestras universidades.  Es una publicación que no debe faltar como libro de consulta en las bibliotecas de las facultades de medicina y de los hospitales que tienen la formación de residentes, por la riqueza en información que lleva al alumno y al residente de la mano desde principio a fin de sus respectivos trabajos de investigación y/o tesis.La capacitación adquirida con sus libros y cursos han cambiado mi pensamiento científico y han fortalecido mis conocimientos y habilidades para la enseñanza en la materia, y confieso que me siento poseedora de una gran seguridad, al mismo tiempo que disfruto enseñar la materia de Metodología de la Investigación.  D.C. Ma. Elizabeth Rábago Sánchez Intensivista Pediatra. Hospital General de Durango (México)Las personas involucradas en la enseñanza de la investigación necesitan tener bien fundamentados los conceptos básicos de la metodología de la investigación para poder aspirar ir más allá, afortunadamente pudimos ver la luz al final del túnel en el Siglo XXI, con el Dr. José Supo, inquieto, con habilidad numérica, capacidad de síntesis y don natural para enseñar, médico, salubrista y profesor universitario que dándose cuenta del estado del arte, si le podemos llamar así, en el que, como en una tragedia griega había caído la investigación, encuentra su razón de ser en resolver este problema y teniendo la oportunidad, desmantela la compleja ecuación, como en ingeniería inversa y nos explica paso a paso cada una de sus partes. Dr. Héctor Rafael Ochomogo Cirujano General, Endo y Laparoscópico. MACG (Guatemala)},
	language = {es},
	publisher = {Amazon Digital Services LLC - KDP Print US},
	author = {Zacarías, Héctor and Supo, José},
	month = jun,
	year = {2020},
	note = {Google-Books-ID: WruXzQEACAAJ},
}

@book{alzina_metodologiinvestigacion_2004,
	title = {Metodología de la investigación educativa},
	isbn = {978-84-7133-748-1},
	abstract = {El objetivo de esta obra es servir de base documental para los estudiantes de ciencias de la educación (pedagogía, psicopedagogía, educación social, maestro en sus diversas modalidades, etc.). A tal efecto se ha procurado estructurar el contenido de acuerdo con el temario de las asignaturas relativas a la formación de bases metodológicas de investigación educativa. Los contenidos son los habituales de los manuales al uso: características de la información científica aplicada a la educación, las fases del proceso de investigación, diseños experimentales, etc. Pero se ha hecho un esfuerzo por incorporar las más recientes innovaciones, tanto en metodología cuantitativa como cualitativa. Especialmente por lo que respecta a estudios de encuesta, metodología experimental, estudios ex post-facto, investigación acción, grupos de discusión, teoría fundamentada, investigación comunicativa, enpowerment evaluation, investigación evaluativa, etc. Libro de interés para teóricos, para profesionales de la enseñanza y estudiantes de ciencias de la educación, la obra está estructurada en cuatro bloques. En el primero se abordan las características generales del método científico, aplicado especialmente a la educación; en el segundo se contempla la metodología cuantitativa y en el tercero la metodología más bien cualitativa. Finalmente, el cuarto bloque se refiere a la investigación evaluativa.},
	language = {es},
	publisher = {Editorial La Muralla},
	author = {Alzina, Rafael Bisquerra},
	year = {2004},
	note = {Google-Books-ID: VSb4\_cVukkcC},
	keywords = {Education / Experimental Methods, Education / Teaching / Methods \& Strategies},
}

@book{paz_metodologiinvestigacion_2014,
	title = {Metodología de la {Investigación}},
	isbn = {978-607-744-003-1},
	abstract = {Este libro pertenece a la nueva Serie Integral por Competencias, que el Grupo Editorial Patria lanza en reconocimiento al gran avance educativo que representarán para el país, los nuevos programas de la Dirección General de Bachillerato (DGB) y cubre el 100\% de los planes de la reforma y el “Marco Curricular Común” propuesto por la Secretaría de Educación Pública (SEP). Sabemos que estos nuevos programas constituirán un gran reto para alumnos y docentes y por eso hemos reunido, en esta nueva serie, a un equipo de expertos en el enfoque metodológico, en la autoría de cada asignatura y en los procesos de la edición, logrando de esta manera aportar una herramienta óptima y acertada, que garantiza el éxito en este reto.},
	language = {es},
	publisher = {Grupo Editorial Patria},
	author = {Paz, Guillermina María Eugenia Baena},
	year = {2014},
	note = {Google-Books-ID: 6aCEBgAAQBAJ},
	keywords = {Education / General, Reference / Research},
}

@article{munoz_caricatura_2005,
	title = {La {Caricatura} política en el {Perú} : {Julio} {Málaga} {Grenet}, {Francisco} {González} {Gamarra} y {Jorge} {Vinatea} {Reinoso}},
	copyright = {info:eu-repo/semantics/openAccess},
	shorttitle = {La {Caricatura} política en el {Perú}},
	url = {https://cybertesis.unmsm.edu.pe/handle/20.500.12672/2360},
	abstract = {Este estudio se basa en los contenidos anecdóticos y en la habilidad y formalización del dibujo caricaturesco  -deformación de los rasgos del rostro, reducción del cuerpo o la inclusión de objetos que marcan las características de los personajes-  que apelando a técnicas de impresión se reproducen y se difunden en los medios gráficos masivos. Este género privilegia la observación de la estampa, en su composición cuidadosa y en la precisión de los detalles, ya que una sola imagen debe decir todo. Tiende a ser una imagen de lectura recreativa porque es única, y debe dar la máxima información posible. 
 
El dibujo como cualquier técnica de imágenes, selecciona las características del acontecimiento que quiere representar. El artista elige, resume los aspectos más importantes en detrimento de otros y su creación gravita en  los aspectos que demandan la temática que se quiere explicitar. El interés radica no sólo en la calidad de las obras  -cuyos autores siguen los vaivenes estilísticos del momento- también en la enorme cantidad de información que ellas proporcionan, pudiendo revivir y asistir a las efemérides. Es una memoria viva del autor, de su obra y del contexto que le tocó simbolizar. 
 
En esta red simbólica, este género nos introduce en la urdimbre de la experiencia humana, envuelta en formas linguísticas, artísticas, religiosas, etc. siendo lo concerniente a esta investigación, el relato de la cultura política. 
 
Este arte que se sustenta en la deformación de los rasgos humanos y no en la mimesis clásica, es una cualidad que solamente pueden concretizarla los dibujantes talentosos, deudores de las técnicas de las artes plásticas porque mantienen activa la capacidad de experimentar en plenitud el mundo “común” de la cotidianidad, su capacidad de asombro y de juicio sólo es explicable como fenómeno estético.},
	language = {spa},
	urldate = {2023-07-01},
	journal = {Universidad Nacional Mayor de San Marcos},
	author = {Muñoz, Luna Victoria and Germán, Oscar},
	year = {2005},
}

@article{vergel_loo_imagenes_2008,
	title = {Imágenes de la caricatura política en época electoral : campaña presidencial 2001},
	copyright = {info:eu-repo/semantics/openAccess},
	shorttitle = {Imágenes de la caricatura política en época electoral},
	url = {https://cybertesis.unmsm.edu.pe/handle/20.500.12672/1288},
	abstract = {El presente estudio titulado “Imágenes de la caricatura política en época electoral: campaña presidencial 2001” se vincula con una de las etapas más importantes de nuestra historia republicana. Las elecciones presidenciales del año 2001 fueron una etapa de reencuentro de la sociedad peruana con los gobiernos democráticos, luego del gobierno autoritario de Alberto Fujimori, cuando la libertad de expresión se vio menoscabada por el miedo que inspiraban los servicios de inteligencia y los operativos psicosociales de los diarios sensacionalistas y la televisión. 
Los peruanos probablemente recordaremos siempre que la corrupción del Estado se hizo evidente en los “vladivideos”. El primero de ellos, transmitido el 14 de septiembre de 2000, a través de la señal abierta de la televisión, causó la caída definitiva del gobierno fujimorista, pues en él todo el país pudo apreciar a Vladimiro Montesinos, el entonces asesor presidencial, entregando US\$ 15.000 al parlamentario Alberto Kouri para que pase de la oposición a las filas del oficialismo. La crisis culminaría con la renuncia de Fujimori a la presidencia desde Japón y la posterior instalación de un gobierno transitorio presidido por Valentín Paniagua. 
Este trabajo busca descubrir las imágenes de la campaña presidencial del 2001 que se proyectaron en la prensa y puntualmente se enfoca en las caricaturas políticas de los diarios Expreso (Miguel Ángel Mesías), La República (Alfredo Marcos) y Gestión (Eduardo Rodríguez). 
Teniendo en cuenta la importancia de las caricaturas políticas, como instrumento de lucha ideológica y crítica social, que puede ensalzar o destruir a los personajes, decidimos centrar la investigación en la imagen de los candidatos a la presidencia, por ser estos los protagonistas de la campaña electoral. Nos concentramos en la primera vuelta electoral para apreciar la imagen que los caricaturistas capturaron de todos los candidatos en aquella contienda política. 
A través de un exhaustivo análisis del discurso propio de la caricatura, compuesto por recursos complejos de idioma visual y verbal, reflexionamos en torno a las características de las caricaturas de Expreso, Gestión y La República, y las potencialidades que tienen para revalorar, desestimar e incluso despreciar a los candidatos.},
	language = {spa},
	urldate = {2023-07-01},
	journal = {Universidad Nacional Mayor de San Marcos},
	author = {Vergel Loo, Lucía del Pilar},
	year = {2008},
}

@article{auccapuclla_maccerhua_caricaturas_2015,
	title = {Caricaturas políticas de los diarios "{La} {República}" y "{Correo}"; durante las elecciones regionales y municipales 2014.},
	copyright = {info:eu-repo/semantics/openAccess},
	url = {http://repositorio.unsch.edu.pe/handle/UNSCH/2917},
	abstract = {En la presente investigación, analizamos la representación de los candidatos en las caricaturas políticas de los diarios La República y Correo; durante la campaña electoral regional y municipal 2014. A través del análisis multimodal, se estudian 47 viñetas, que son contextualizadas y desglosadas en diferentes elementos que componen la caricatura: Modo verbal, color, distribución de objeto y plano. Develando las estructuras del lenguaje visual, códigos y convencionalismos. Concluyendo que los caricaturistas de los diarios La República y Correo, representaron a los candidatos desde posiciones disímiles, destacando la personalidad individual, resaltando los defectos y virtudes de los candidatos; a través del uso de diferentes recursos retóricos, literarios, lingüísticos y plásticos.},
	language = {spa},
	urldate = {2023-07-01},
	journal = {Universidad Nacional de San Cristóbal de Huamanga},
	author = {Auccapuclla Maccerhua, Lina},
	year = {2015},
	note = {Accepted: 2019-02-28T20:03:11Z
Publisher: Universidad Nacional de San Cristóbal de Huamanga},
	file = {Full Text PDF:/home/linux/Zotero/storage/RRRZB7C5/Auccapuclla Maccerhua - 2015 - Caricaturas políticas de los diarios La República.pdf:application/pdf},
},

@phdthesis{segarra_morocho_caricatura_2021,
	title = {La caricatura y el humor como recurso de comunicación en los medios impresos},
	url = {http://dspace.utpl.edu.ec/jspui/handle/20.500.11962/28315},
	abstract = {Resumen: La caricatura ha sido por mucho tiempo,una forma de representación exagerada de los sucesos de la vida o de un personaje en específico, ha sido utilizada como un recurso de la comunicación gráfica; forma parte de los géneros de opinión de la prensa, emite mensajes críticos sobre las situaciones sociales, políticas, económicas, etc., de la sociedad en general. El objetivo del presente trabajo es analizar el sistema narrativo de la caricatura de tres de los principales medios impresos del Ecuador: El Universo, El Comercio, y El Telégrafo. La metodología empleada para esta investigación,es cualitativa a través del análisis de contenido,la muestra corresponde a las caricaturas publicadas durante los meses de octubre, noviembre y diciembre de 2019.Finalmente, los resultados obtenidos nos permiten conocer el sistema narrativo de la caricatura; además,se demuestra que el tema de las caricaturas que predominan en los medios analizados es la política, seguido de sociedad y en menor medida deportes y otros.},
	language = {spa},
	urldate = {2023-07-01},
	author = {Segarra Morocho, Kevin Israel},
	year = {2021},
	note = {Accepted: 2021-09-22T14:16:58Z},
	file = {Snapshot:/home/linux/Zotero/storage/DFW7ITC3/28315.html:text/html},
}

@article{berrocal_vivanco_representacion_2015,
	title = {La representación de la violencia simbólica en la caricatura de las crónicas de {Guamán} {Poma} de {Ayala} (1580 -1613)},
	copyright = {info:eu-repo/semantics/openAccess},
	url = {http://repositorio.unsch.edu.pe/handle/UNSCH/2909},
	abstract = {La investigación pretende demostrar que la violencia simbólica se representa de manera dominante en los dibujos de Guamán Poma de Ayala, donde la cultura andina es vista como una alteridad ajena a la modernidad e identificada como producto del atraso por la élite política y religiosa española. Para ello, se han analizado las láminas del indígena Felipe Guamán Poma de Ayala, específicamente de su memorial Nueva Crónica y Buen Gobierno, dibujadas desde 1580 - 1613. Además, la investigación fue establecida desde el enfoque sociocultural. Por ello, la violencia simbólica plasmada en los dibujos del cronista representa al simbolismo cristiano y político que, en efecto, fue un elemento dominante; que, dentro de un contexto especial, adquiere una fuerte carga simbólica. La metodología es cualitativa y se hizo uso de la Hermenéutica y Semiología. Hemos encontrado dos tipos de violencia colonial: explícita y simbólica, con rasgos diferentes. Se han tomado algunas láminas donde existe violencia explícita como referencia para poder revelar la representación de la violencia simbólica, que es producto del poder y dominio. Desde la invisibilidad, la cultura dominante española se dota de una mayor astucia y capacidad para ejercer la violencia simbólica, nombrando y clasificando indígenas con el fin de someterlos y empequeñecerlos, de acuerdo al nuevo sistema de dominación. La conclusión principal a la que se ha arribado es que, en los dibujos, el indígena alude al tema religioso para representar la pasión, muerte y resurrección de Cristo. En cambio, la imagen del español es de poderío, triunfo y dominio.},
	language = {spa},
	urldate = {2023-07-01},
	journal = {Universidad Nacional de San Cristóbal de Huamanga},
	author = {Berrocal Vivanco, Ángel},
	year = {2015},
	note = {Accepted: 2019-02-28T20:03:10Z
Publisher: Universidad Nacional de San Cristóbal de Huamanga},
	file = {Full Text PDF:/home/linux/Zotero/storage/KYGA26GR/Berrocal Vivanco - 2015 - La representación de la violencia simbólica en la .pdf:application/pdf},
}

@article{bravo_quezada_alisis_2018,
	title = {Análisis de la caricatura como estrategia de la comunicación política en los diarios el {Mercurio} y el {Tiempo} de la ciudad de {Cuenca}, período de campaña electoral para alcalde y prefecto 2004 {Ecuador}},
	copyright = {openAccess},
	url = {http://repositorioslatinoamericanos.uchile.cl/handle/2250/1122168},
	abstract = {La tesis ANÁLISIS DE LA CARICATURA COMO ESTRATEGIA DE LA COMUNICACIÓN POLÍTICA EN LOS DIARIOS: EL MERCURIO Y EL TIEMPO DE LA CIUDAD DE CUENCA. (Periodo de campaña electoral para Alcalde y Prefecto 2004 Ecuador), estudia la tendencia política de los diarios locales: a través del análisis de la caricatura como estrategia de Comunicación Política; para ello se tomó en cuenta las caricaturas políticas de los personajes locales que se encontraban en contienda política por llegar a un cargo público: Alcalde y Prefecto de la ciudad de Cuenca las mismas que se publicó desde agosto, mes en el que inicia la campaña electoral; hasta octubre donde se da el cierre de campaña 2004. A falta de un método de análisis de caricatura, creamos una guía de análisis de caricatura con su respectivo texto de apoyo que sirva de aporte para la Escuela de Comunicación Social de la Universidad de Cuenca. Esta investigación se compone de siete capítulos: el primero se refiere a El Lenguaje en La Comunicación Humana; el segundo hace alusión a la caricatura como estrategia de Comunicación Política; el capítulo tres estudia la Caricatura Política a través de la historia; en el capítulo cuatro se realiza el análisis de la caricatura de los dos diarios; el capitulo quinto enfoca la Comunicación Política a través de la caricatura; capitulo sexto considera a la caricatura como expresión artística de Comunicación Política, el séptimo capitulo comprende el trabajo de campo que es el Análisis de la Caricatura en el Público Lector. Finalmente se expone las conclusiones y recomendaciones},
	language = {spa},
	urldate = {2023-07-01},
	journal = {instname:Universidad de Cuenca},
	author = {Bravo Quezada, Rita Lourdes and Zhindón Idrovo, Mayra Elizabeth},
	month = mar,
	year = {2018},
	note = {Accepted: 2018-03-14T19:50:49Z},
	file = {Snapshot:/home/linux/Zotero/storage/Q5TIQV2Z/1122168.html:text/html},
}

@mastersthesis{zurita_camacho_caricatura_2020,
	title = {La caricatura como estrategia de comunicación para promover el cambio social enfocado al cuidado y mejoramiento del espacio público urbano: análisis de {Don} {Evaristo} durante las administraciones municipales de {Rodrigo} {Paz} y {Augusto} {Barrera}},
	copyright = {openAccess},
	shorttitle = {La caricatura como estrategia de comunicación para promover el cambio social enfocado al cuidado y mejoramiento del espacio público urbano},
	url = {http://repositorio.uasb.edu.ec/handle/10644/7148},
	abstract = {A partir de un análisis comparativo de los usos estratégicos – comunicativos del personaje animado de Don Evaristo durante las administraciones municipales de Rodrigo Paz (1988 - 1992) y Augusto Barrera (2009 – 2014), aplicando la metodología de la comunicación estratégica propuesta por Sandra Massoni, se constatará el uso de esta caricatura como una herramienta de la comunicación estratégica que articula el cambio social en el entorno. En ese sentido, se utilizará la Versión Técnica Comunicacional (VTC) para descomponer la frase núcleo del problema de comunicación, así como los componentes, síntomas y consecuencias con enfoque en el espacio público urbano. También, se empleará el reconocimiento y jerarquización de los actores vinculados a cada componente del problema comunicacional en ambas épocas para, finalmente, decantar en las Marcas de Racionalidad Comunicacional propuestas por ambos personajes animados desde las distintas dimensiones de la comunicación. Adicionalmente, se aplicarán indicadores de cambio social, con el objetivo de realizar una integración de los elementos a nivel cualitativo y cuantitativo de los procesos de comunicación, para medir su nivel de impacto e injerencia, entendiendo al cambio social desde una perspectiva transformadora que responde a las alteridades socioculturales de una localidad y en el que la comunicación tiene un papel protagónico dentro de las estructuras de construcción de sentido. Este estudio se sustentará en entrevistas a personas clave dentro de las construcciones de ambas caricaturas para poder obtener distintos niveles de análisis, desde el estilo de gobierno de cada administración hasta las fortalezas y debilidades de cada caricatura desde el punto de vista de la comunicación estratégica, como un fenómeno histórico, complejo, situacional y fluido que adopta diferentes configuraciones.},
	language = {spa},
	urldate = {2023-07-01},
	school = {Quito: Universidad Andina Simón Bolívar, Sede Ecuador},
	author = {Zurita Camacho, Gabriela Soraya},
	year = {2020},
	note = {Accepted: 2020-04-24T20:00:44Z},
	file = {Full Text PDF:/home/linux/Zotero/storage/7V76UK6S/Zurita Camacho - 2020 - La caricatura como estrategia de comunicación para.pdf:application/pdf},
}

@article{canas_comunicacion_2019,
	title = {Comunicación asertiva en profesores: diagnóstico y propuesta educativa},
	volume = {10},
	issn = {2462-8603, 2216-0159},
	shorttitle = {Comunicación asertiva en profesores},
	url = {https://revistas.uptc.edu.co/index.php/praxis_saber/article/view/8936},
	doi = {10.19053/22160159.v10.n25.2019.8936},
	abstract = {La comunicación asertiva se ha incluido como una de las habilidades sociales y habilidades para la vida que es clave para la promoción del desarrollo humano y la prevención de problemas psicosociales. El objetivo de este estudio fue realizar un diagnóstico de la misma desde su dimensión personal versus las características sociodemográficas en profesores, y a partir de los hallazgos se hizo un diseño de una intervención educativa. El método aplicado fue cuantitativo a través de un estudio transeccional descriptivo, con 39 profesores de ambos sexos. Los resultados indican que la mayoría de los participantes se encuentra ubicada en el rango promedio hacia arriba, lo que da cuenta del ser asertivos al comunicarse. Sin embargo, se encontraron diferencias estadísticamente significativas para el Factor 3, con respecto al nivel de formación (F=4,189; p= 0,048) y a los años de experiencia (F=3,39; p= 0,045); así como en el Factor 5 con respecto al número de hijos (F=5,14; p= 0,029). También, se concluye que es necesario reforzar y mejorar algunas características de esta comunicación, para lo cual se propuso un programa educativo.},
	number = {24},
	urldate = {2023-07-01},
	journal = {Praxis \& Saber},
	author = {Cañas, Dora Cristina and Hernández, Jacqueline},
	month = sep,
	year = {2019},
	pages = {143--165},
}

@article{lachira_estrada_comunicacion_2020,
	title = {La comunicación asertiva: una estrategia para desarrollar las relaciones interpersonales},
	issn = {2711-0494},
	shorttitle = {La comunicación asertiva},
	url = {http://www.difusioncientifica.info/index.php/difusioncientifica/article/view/18/20},
	doi = {10.38186/difcie.23.06},
	abstract = {La asertividad es un comportamiento que evidencia el respeto mutuo con los que nos rodean, interactuando con nuestras relaciones sociales.  Este artículo de investigación tuvo como propósito determinar la comunicación asertiva como estrategia para mejorar las relaciones interpersonales de los colaboradores de Nor Autos S.A.C.  Se aplicó el diseño descriptivo-no experimental, bajo el enfoque cuantitativo. La población de estudio estuvo conformada por los gerentes (5 personas) y colaboradores (35 personas) de la empresa, a quienes se les aplicó encuestas. En los resultados se evidenció que el género femenino se comunica con frecuencia de manera asertiva a diferencia del género masculino que no es continuo; y con respecto a las áreas, todos se comunican, pero solo de forma laboral. En conclusión, la comunicación asertiva de los gerentes hacia sus colaboradores es mínima, impidiendo que se establezcan vínculos de relaciones interpersonales los cuales hacen insostenible y casi nulo que exista asertividad entre ambos cargos.},
	language = {es},
	number = {Vol 2 Núm 3},
	urldate = {2023-07-01},
	journal = {Revista Latinoamericana de Difusión Científica},
	author = {Lachira Estrada, Diego Salvador and Luján Vera, Priscila Estelita and Mogollón Taboada, Marlón Martín and Silva Juárez, Raquel},
	month = aug,
	year = {2020},
	pages = {72--82},
}

@book{passer_research_2021,
	address = {New York},
	edition = {Third edition},
	title = {Research methods: concepts and connections},
	isbn = {978-1-319-18451-3},
	shorttitle = {Research methods},
	publisher = {Worth Publishing},
	author = {Passer, Michael W.},
	year = {2021},
	keywords = {Psychology, Research Methodology, Social sciences},
}

@book{kothari_research_2004,
	address = {New Delhi Bangalore Chennai Cochin Guwahati Hyderabad Jalandhar Kolkata Lucknow Mumbai Ranchi},
	edition = {2. edition, reprint},
	title = {Research methodology: methods \& techniques},
	isbn = {978-81-224-1522-3},
	shorttitle = {Research methodology},
	language = {eng},
	publisher = {New Age International (P) Limited, Publishers},
	author = {Kothari, C. R.},
	year = {2004},
}

@book{hernandez_sampieri_metodologiinvestigacion_2014,
	address = {México D.F.},
	edition = {Sexta edición},
	title = {Metodología de la investigación},
	isbn = {978-1-4562-2396-0},
	language = {spa},
	publisher = {McGraw-Hill Education},
	author = {Hernández Sampieri, Roberto and Fernandez-Collado, Carlos F.},
	editor = {Baptista Lucio, Pilar},
	year = {2014},
	note = {OCLC: 952035471},
}

@article{velasquez_burgos_creatividad_2010,
	title = {La creatividad como práctica para el desarrollo del cerebro total},
	issn = {1794-2489},
	url = {http://www.scielo.org.co/scielo.php?script=sci_abstract&pid=S1794-24892010000200014&lng=en&nrm=iso&tlng=es},
	language = {es},
	number = {13},
	urldate = {2023-06-24},
	journal = {Tabula Rasa},
	author = {Velásquez Burgos, Bertha Marlen and Remolina de Cleves, Nahyr and Calle Márquez, María Graciela},
	month = jul,
	year = {2010},
	note = {Publisher: UNIVERSIDAD COLEGIO MAYOR DE CUNDINAMARCA},
	pages = {321--338},
	file = {Full Text PDF:/home/linux/Zotero/storage/RZRQ9FU6/Velásquez Burgos et al. - 2010 - La creatividad como práctica para el desarrollo de.pdf:application/pdf},
}

@article{valiente_creatividad_2017,
	title = {La creatividad, una revisión científica},
	volume = {XXXVIII},
	issn = {0258-591X, 1815-5898},
	url = {https://www.redalyc.org/articulo.oa?id=376852683005},
	abstract = {A  pesar  de  la  importancia  que  tiene  la   creatividad  para  el  desarrollo  de  la  humanidad,  es  un   concepto poco estudiado por las disciplinas científicas.  Sin embargo, es un término que goza de popularidad y se  emplea indiscriminadamente sin que se profundice en su  conceptualización  y  sus  regularidades  metodológicas.   Como resultado, el término se ha mitificado y rechazado  por  las  ciencias  contemporáneas.  El  presente  artículo   tiene   como   objetivo   hacer   una   revisión   sobre   los    resultados   recientes   de   estudios   científicos   sobre    creatividad  y  realizar  una  valoración  sobre  el  estado   del  término.  En  este  artículo,  además,  se  sintetizan   aspectos  sobre  la  creatividad  que  pueden  facilitar  el   diseño y la interpretación de estudios al respecto.},
	language = {Español},
	number = {2},
	urldate = {2023-06-24},
	journal = {Arquitectura y Urbanismo},
	author = {Valiente, Claudia Morales},
	year = {2017},
	note = {Publisher: Instituto Superior Politécnico José Antonio Echeverría},
	keywords = {Creatividad, Creativity, divergent thinking, neurociencia, neuroscience, pensamiento divergente},
	pages = {53--62},
	file = {Full Text PDF:/home/linux/Zotero/storage/HDR3SJFH/Valiente - 2017 - La creatividad, una revisión científica.pdf:application/pdf},
}

@BOOK{kumar,
  Author={Rangit, Kumar},
  TITLE={Research Metodology},
  SUBTITLE={A step by step guide for beginners},
  PUBLISHER= {SAGE Publications Inc.},
  YEAR={2011},
  address= {CM Digitals (P) Ltd, Chennai, India},
  edition= {2},
}
